
@techreport{rcoreteam2023,
	title = {R: A language and environment for statistical computing},
	author = {R Core Team, },
	year = {2023},
	date = {2023},
	url = {https://www.R-project.org/},
	address = {Vienna, Austria}
}

@book{wickham2016,
	title = {ggplot2: Elegant Graphics for Data Analysis},
	author = {Wickham, Hadley},
	year = {2016},
	date = {2016},
	publisher = {Springer-Verlag New York},
	url = {http://ggplot2.org}
}

@techreport{wickham2023,
	title = {tidyr: Tidy messy data},
	author = {Wickham, Hadley and Vaughan, Davis and Girlich, Maximilian},
	year = {2023},
	date = {2023},
	url = {https://tidyr.tidyverse.org}
}

@techreport{wickham2023a,
	title = {dplyr: A grammar of data manipulation},
	author = {Wickham, Hadley and {François}, Romain and Henry, Lionel and {Müller}, Kirill and Vaughan, Davis},
	year = {2023},
	date = {2023},
	url = {https://dplyr.tidyverse.org}
}

@techreport{wickham2023b,
	title = {forcats: Tools for working with categorical variables (factors)},
	author = {Wickham, Hadley},
	year = {2023},
	date = {2023},
	url = {https://forcats.tidyverse.org/}
}

@article{grolemund2011,
	title = {Dates and times made easy with lubridate},
	author = {Grolemund, Garrett and Wickham, Hadley},
	year = {2011},
	date = {2011},
	journal = {Journal of Statistical Software},
	pages = {1{\textendash}25},
	volume = {40},
	number = {3},
	url = {https://www.jstatsoft.org/v40/i03/}
}

@techreport{wickham2023c,
	title = {stringr: Simple, consistent wrappers for common string operations},
	author = {Wickham, Hadley},
	year = {2023},
	date = {2023},
	url = {https://stringr.tidyverse.org}
}

@techreport{wickham2023c,
	title = {stringr: Simple, consistent wrappers for common string operations},
	author = {Wickham, Hadley},
	year = {2023},
	date = {2023},
	url = {https://stringr.tidyverse.org}
}


@article{scherjon2019,
	title = {Digitally Teaching Digital Skills: Lessons Drawn from a Small Private Online Course (SPOC) on {\textquoteleft}Modelling and Simulation in Archaeology{\textquoteright} at Leiden University},
	author = {Scherjon, Fulco and Romanowska, Iza and Lambers, Karsten},
	year = {2019},
	month = {04},
	date = {2019-04-24},
	journal = {Journal of Computer Applications in Archaeology},
	pages = {79{\textendash}88},
	volume = {2},
	number = {1},
	doi = {10.5334/jcaa.26},
	url = {http://journal.caa-international.org/articles/10.5334/jcaa.26/},
	langid = {en}
}

@book{romanowska2021,
	title = {Agent-Based Modeling for Archaeology: Simulating the Complexity of Societies},
	author = {Romanowska, Iza and Wren, Colin D. and Crabtree, Stefani A.},
	year = {2021},
	month = {07},
	date = {2021-07-30},
	publisher = {Santa Fe Institute Press},
	url = {https://www.sfipress.org/books/agent-based-modeling-archaeology},
	address = {Santa Fe},
	langid = {English}
}

@book{councilofeurope2020,
	title = {Common European Framework of Reference for Languages: Learning, Teaching, Assessment. Companion Volume},
	author = {Council of Europe, },
	year = {2020},
	date = {2020},
	publisher = {Council of Europe Publishing},
	url = {http://www.coe.int/lang-cefr},
	address = {Strasbourg}
}

@book{europeancommissionjointresearchcentre2022,
	title = {DigComp 2.2: The Digital Competence Framework for Citizens - With new examples of knowledge, skills and attitudes},
	author = {{European Commission, Joint Research Centre},  and Vuorikari, Riina and Kluzer, Stefano and Punie, Yves},
	year = {2022},
	month = {03},
	date = {2022-03-17},
	url = {https://data.europa.eu/doi/10.2760/115376},
	note = {ISSN: 1831-9424, 1018-5593
DOI: 10.2760/115376},
	langid = {en}
}

@article{spoc2019,
  title={Digitally teaching digital skills: Lessons drawn from a small private online course (SPOC) on ‘modelling and simulation in archaeology’at Leiden University},
  author={Scherjon, Fulco and Romanowska, Iza and Lambers, Karsten},
  journal={Journal of Computer Applications in Archaeology},
  volume={2},
  number={1},
  year={2019},
  publisher={Ubiquity Press}
}
